@Manual{x500,
title = {Understanding X.500 - The Directory},
key = {x500},
author = { D W Chadwick},
}

@TechReport{2251,
author = {Network Working Group},
title = {Request for Comments: 2251. Lightweight Directory Access Protocol (v3)},
institution = {},
year = {},
address = {http://www.ietf.org/rfc/rfc2251.txt},
}

@TechReport{2252,
author = {Network Working Group},
title = {Request for Comments: 2252. Lightweight Directory Access Protocol (v3): Attribute Syntax Definitions},
institution = {},
year = {},
address = {http://www.ietf.org/rfc/rfc2252.txt},
}

@TechReport{2253,
author = {Network Working Group},
title = {Request for Comments: 2253. Lightweight Directory Access Protocol (v3): UTF-8 String Representation of Distinguished Names},
institution = {},
year = {},
address = {http://www.ietf.org/rfc/rfc2253.txt},
}

@TechReport{2254,
author = {Network Working Group},
title = {Request for Comments: 2254. The String Representation of LDAP Search Filters},
institution = {},
year = {},
address = {http://www.ietf.org/rfc/rfc2254.txt},
}

@TechReport{2255,
author = {Network Working Group},
title = {Request for Comments: 2255. The LDAP URL Format},
institution = {},
year = {},
address = {http://www.ietf.org/rfc/rfc2255.txt},
}

@TechReport{2256,
author = {Network Working Group},
title = {Request for Comments: 2256. A Summary of the X.500(96) User Schema for use with LDAPv3},
institution = {},
year = {},
address = {http://www.ietf.org/rfc/rfc2256.txt},
}

@TechReport{3377,
author = {Network Working Group},
title = {Request for Comments: 3377. Lightweight Directory Access Protocol (v3): Technical Specification},
institution = {},
year = {},
address = {http://www.ietf.org/rfc/rfc3377.txt},
}

@TechReport{llh,
author = {Luiz Ernesto Pinheiro Malère},
title = {LDAP Linux HOWTO},
institution = {},
year = {},
address = {http://www.tldp.org/HOWTO/LDAP-HOWTO/index.html},
}

@TechReport{ul,
author = {metaconsultancy},
title = {Using OpenLDAP},
institution = {},
year = {},
address = {http://www.metaconsultancy.com/whitepapers/ldap.htm},
}

@TechReport{oag,
author = {The OpenLDAP Project},
title = {OpenLDAP 2.2 Administrator's Guide},
institution = {},
year = {},
address = {http://www.openldap.org/doc/admin22/index.html},
}

@TechReport{lscp,
author = {Sergio González González},
title = {Integración de redes con OpenLDAP, Samba, CUPS y PyKota},
institution = {},
year = {},
address = {http://es.tldp.org/Tutoriales/doc-openldap-samba-cups-python/html/ldap+samba+cups+pykota.html},
}

@TechReport{ssldoc,
author = {OpenSSL Project},
title = {OpenSSL Documents},
institution = {},
year = {},
address = {http://www.openssl.org/docs/},
}

@TechReport{2616,
author = {Network Working Group},
title = {Request for Comments: 2616. Hypertext Transfer Protocol -- HTTP/1.1},
institution = {},
year = {},
address = {http://www.ietf.org/rfc/rfc2616.txt},
}
